<collection xmlns="http://www.loc.gov/MARC21/slim">
<record>
  <leader>01457nam0a2200265 i 450 </leader>
  <controlfield tag="001">IT\ICCU\CNCE\077432</controlfield>
  <controlfield tag="005">20120523000000.0</controlfield>
  <datafield tag="012" ind1=" " ind2=" ">
    <subfield code="a">n-us a-em t.ia uesu (3) 1566 (Q)</subfield>
    <subfield code="2">fei</subfield>
  </datafield>
  <datafield tag="100" ind1=" " ind2=" ">
    <subfield code="a">20120523f15661568    0itac0103    ba</subfield>
  </datafield>
  <datafield tag="101" ind1=" " ind2=" ">
    <subfield code="a">LAT</subfield>
  </datafield>
  <datafield tag="102" ind1=" " ind2=" ">
    <subfield code="a">IT</subfield>
  </datafield>
  <datafield tag="200" ind1="1" ind2=" ">
    <subfield code="a">Rhetoricorum libellus doctissimus et vtilissimus in disputatione &amp; dialogo, ad illust. &amp; reue. Hieronymum Galeratum v.c. &amp; pontificem Alexandriae Statyellensium, nunc primum in lucem editus, auctore Io. Mario Matio Brixiano</subfield>
  </datafield>
  <datafield tag="210" ind1=" " ind2=" ">
    <subfield code="a">Mediolani</subfield>
    <subfield code="c">apud Valerium</subfield>
    <subfield code="d">&amp; Hieronymum fratres Metios</subfield>
    <subfield code="d">\tra il 1566 e il 1568!</subfield>
  </datafield>
  <datafield tag="215" ind1=" " ind2=" ">
    <subfield code="a">37, \3! c.</subfield>
    <subfield code="d">8ʻ</subfield>
  </datafield>
  <datafield tag="300" ind1=" " ind2=" ">
    <subfield code="a">La data si ricava da quelle della fondazione del seminario di Alessandria, nominato nel v. del frontespizio, e della morte del dedicatario, Girolamo Gallarati</subfield>
  </datafield>
  <datafield tag="620" ind1=" " ind2=" ">
    <subfield code="a">IT</subfield>
    <subfield code="d">Milano</subfield>
  </datafield>
  <datafield tag="700" ind1=" " ind2="1">
    <subfield code="a">Mazzio,</subfield>
    <subfield code="b">Giovanni Mario</subfield>
    <subfield code="3">IT\ICCU\CNCA\012190</subfield>
  </datafield>
  <datafield tag="712" ind1="0" ind2="0">
    <subfield code="a">Meda, Valerio &amp; Meda, Girolamo</subfield>
    <subfield code="3">IT\ICCU\CNCT\000036</subfield>
    <subfield code="4">650</subfield>
  </datafield>
  <datafield tag="790" ind1=" " ind2="1">
    <subfield code="a">Maccio,</subfield>
    <subfield code="b">Giovanni Maria</subfield>
    <subfield code="3">IT\ICCU\CNCA\017657</subfield>
    <subfield code="z">Mazzio, Giovanni Mario</subfield>
  </datafield>
  <datafield tag="790" ind1=" " ind2="1">
    <subfield code="a">Mattius,</subfield>
    <subfield code="b">Ioannes Marius</subfield>
    <subfield code="3">IT\ICCU\CNCA\021071</subfield>
    <subfield code="z">Mazzio, Giovanni Mario</subfield>
  </datafield>
  <datafield tag="791" ind1="0" ind2="0">
    <subfield code="a">Meda, Girolamo</subfield>
    <subfield code="3">IT\ICCU\CNCT\000037</subfield>
    <subfield code="z">Meda, Valerio &amp; Meda, Girolamo</subfield>
  </datafield>
  <datafield tag="801" ind1=" " ind2="3">
    <subfield code="a">IT</subfield>
    <subfield code="b">ICCU</subfield>
    <subfield code="c">20201115</subfield>
  </datafield>
  <datafield tag="899" ind1=" " ind2=" ">
    <subfield code="a">Biblioteca universitaria. Pavia</subfield>
    <subfield code="1">PV0291</subfield>
    <subfield code="2">MIL UP</subfield>
  </datafield>
  <datafield tag="911" ind1=" " ind2=" ">
    <subfield code="a">Sul front.</subfield>
    <subfield code="9">IT\ICCU\CNCM\001380</subfield>
  </datafield>
  <datafield tag="921" ind1=" " ind2=" ">
    <subfield code="a">IT\ICCU\CNCM\001380</subfield>
    <subfield code="b">Albero frondoso. In cornice figurata</subfield>
    <subfield code="c">U327</subfield>
    <subfield code="d">Dimensioni: 6 x 7,5</subfield>
    <subfield code="f">ALBERO</subfield>
    <subfield code="g">1567-1581</subfield>
  </datafield>
</record>
</collection>
